<?xml version="1.0" encoding="UTF-8"?><collection xmlns="http://www.loc.gov/MARC21/slim"><record><leader>00376nam--2200133-i-4500</leader><controlfield tag="001">000002094</controlfield><controlfield tag="002">20161230</controlfield><controlfield tag="005">20161230201024</controlfield><controlfield tag="008">060222s1000------------r-----000-0-eng-d</controlfield><datafield ind1=" " ind2=" " tag="080"><subfield code="a">778.5(047)(09)</subfield></datafield><datafield ind1=" " ind2=" " tag="100"><subfield code="a">Goldowski, E.M</subfield></datafield><datafield ind1=" " ind2=" " tag="245"><subfield code="a">30 jahre sowjetschi filmstechnik.(deutsch von rita marley)</subfield></datafield><datafield ind1=" " ind2=" " tag="260"><subfield code="a">Berlin, Deutscher Filmsverlag, 1951. 162 P. + 6 F.Pl</subfield></datafield><datafield ind1=" " ind2=" " tag="852"><subfield code="a">3260</subfield></datafield></record></collection>